@report{IPCC2023,
  title = {Climate Change 2023: Synthesis Report. Contribution of Working Groups I, II and III to the Sixth Assessment Report of the Intergovernmental Panel on Climate Change},
  author = {{IPCC}},
  editor = {H. Lee and J. Romero},
  year = {2023},
  institution = {IPCC},
  address = {Geneva, Switzerland},
  pages = {184},
  doi = {10.59327/IPCC/AR6-9789291691647},
}

@misc{Heap2020,
  author = {Heap, I.},
  title = {The International Survey of Herbicide-Resistant Weed Database},
  year = {2020},
  howpublished = {\url{https://www.weedscience.org}},
  note = {Accessed on [insert date here]}
}

@article{Huxley1860,
  author = {Huxley, T. H.},
  title = {Darwin on the Origin of Species},
  journal = {Westminster Review},
  year = {1860},
  volume = {17},
  number = {new series},
  pages = {541--570}
}